@article{PCD22,
doi = {10.1088/1367-2630/ac963b},
url = {https://dx.doi.org/10.1088/1367-2630/ac963b},
year = {2022},
publisher = {IOP Publishing},
volume = {24},
number = {10},
pages = {103023},
author = {Giulia Piccitto and Michele Campisi and Davide Rossini},
title = {The Ising critical quantum Otto engine},
journal = {New Journal of Physics},
}

@article{DR21,
  title = {Self-consistent microscopic derivation of Markovian master equations for open quadratic quantum systems},
  author = {D'Abbruzzo, Antonio and Rossini, Davide},
  journal = {Phys. Rev. A},
  volume = {103},
  issue = {5},
  pages = {052209},
  numpages = {16},
  year = {2021},
  month = {May},
  publisher = {American Physical Society},
  doi = {10.1103/PhysRevA.103.052209},
  url = {https://link.aps.org/doi/10.1103/PhysRevA.103.052209}
}

@book{BP07,
    author = {Breuer, Heinz-Peter and Petruccione, Francesco},
    title = "{The Theory of Open Quantum Systems}",
    publisher = {Oxford University Press},
    year = {2007},
    month = {01},
    doi = {10.1093/acprof:oso/9780199213900.001.0001},
    url = {https://doi.org/10.1093/acprof:oso/9780199213900.001.0001},
}

@article{BGN88,
    author = {Blaizot, Jean‐Paul and Ripka, Georges and Negele, John W. and Orland, Henri and Brown, Gerald E.},
    title = "{Quantum Theory of Finite Systems and Quantum Many‐Particle Systems}",
    journal = {Physics Today},
    volume = {41},
    number = {9},
    pages = {106-107},
    year = {1988},
    month = {09},
    doi = {10.1063/1.2811565},
    url = {https://doi.org/10.1063/1.2811565},
}

@article{K01,
doi = {10.1070/1063-7869/44/10S/S29},
url = {https://dx.doi.org/10.1070/1063-7869/44/10S/S29},
year = {2001},
month = {oct},
publisher = {},
volume = {44},
number = {10S},
pages = {131},
author = {A Yu Kitaev},
title = {Unpaired Majorana fermions in quantum
wires},
journal = {Physics-Uspekhi}
}

@article{TV21,
  title = {Quantum critical systems with dissipative
boundaries},
  author = {Tarantelli, Francesco and Vicari, Ettore},
  journal = {Phys. Rev. B},
  volume = {104},
  issue = {7},
  pages = {075140},
  numpages = {13},
  year = {2021},
  month = {Aug},
  publisher = {American Physical Society},
  doi = {10.1103/PhysRevB.104.075140},
  url = {https://link.aps.org/doi/10.1103/PhysRevB.104.075140}
}

@article{BD22,
  title={Kibble–Zurek scaling due to environment
temperature quench in the transverse field Ising model},
  author={{\'A}d{\'a}m B{\'a}csi and Bal{\'a}zs D{\'o}ra},
  journal={Scientific Reports},
  year={2022},
  volume={13}
}
